@article{mnist,
      author={Y. Lecun et al.},
      journal={Proceedings of the IEEE},
      title={Gradient-based learning applied to document recognition},
      year={1998},
      volume={86},
      number={11},
      pages={2278-2324},
      keywords={Neural networks;Pattern recognition;Machine learning;Optical character recognition software;Character recognition;Feature extraction;Multi-layer neural network;Optical computing;Hidden Markov models;Principal component analysis},
      doi={10.1109/5.726791}
}

@article{ho2020denoising,
      title={Denoising Diffusion Probabilistic Models},
      author={J. Ho and A. Jain and P. Abbeel},
      year={2020},
      journal={arXiv 2006.11239}
}

@misc{ba2016layer,
      title={Layer Normalization},
      author={J. L. Ba and J. R. Kiros and G. E. Hinton},
      year={2016},
      eprint={1607.06450},
      archivePrefix={arXiv},
      primaryClass={stat.ML}
}

@book{prince2023understanding,
      author = "S. J. D. Prince",
      title = "Understanding Deep Learning",
      publisher = "MIT Press",
      year = 2023,
      url = "http://udlbook.com"
}

@misc{hendrycks2023gaussian,
      title={Gaussian Error Linear Units (GELUs)},
      author={D. Hendrycks and K. Gimpel},
      year={2023},
      eprint={1606.08415},
      archivePrefix={arXiv},
      primaryClass={cs.LG}
}

@misc{nguyen2021analysis,
      title={An Analysis of State-of-the-art Activation Functions For Supervised Deep Neural Network},
      author={A. Nguyen et al.},
      year={2021},
      eprint={2104.02523},
      archivePrefix={arXiv},
      primaryClass={cs.LG}
}

@misc{betzalel2022study,
      title={A Study on the Evaluation of Generative Models},
      author={E. Betzalel et al.},
      year={2022},
      eprint={2206.10935},
      archivePrefix={arXiv},
      primaryClass={cs.LG}
}

@article{fi15080260,
      author = {A. Bandi and P. V. S. R. Adapa and Y. E. V. P. K. Kuchi},
      title = {The Power of Generative AI: A Review of Requirements, Models, Input-Output Formats, Evaluation Metrics, and Challenges},
      journal = {Future Internet},
      volume = {15},
      year = {2023},
      number = {8},
      article-number = {260},
      url = {https://www.mdpi.com/1999-5903/15/8/260},
      issn = {1999-5903},
      doi = {10.3390/fi15080260}
}

@misc{bansal2022cold,
      title={Cold Diffusion: Inverting Arbitrary Image Transforms Without Noise},
      author={A. Bansal et al.},
      year={2022},
      eprint={2208.09392},
      archivePrefix={arXiv},
      primaryClass={cs.CV}
}

@inproceedings{NIPS2017_8a1d6947,
      author = {M. Heusel et al.},
      booktitle = {Advances in Neural Information Processing Systems},
      editor = {I. Guyon et al.},
      pages = {},
      publisher = {Curran Associates, Inc.},
      title = {GANs Trained by a Two Time-Scale Update Rule Converge to a Local Nash Equilibrium},
      url = {https://proceedings.neurips.cc/paper_files/paper/2017/file/8a1d694707eb0fefe65871369074926d-Paper.pdf},
      volume = {30},
      year = {2017}
}

@misc{chen2023importance,
      title={On the Importance of Noise Scheduling for Diffusion Models},
      author={T. Chen},
      year={2023},
      eprint={2301.10972},
      archivePrefix={arXiv},
      primaryClass={cs.CV}
}
